% This file was created with JabRef 2.10.
% Encoding: UTF-8

@Misc{NPB,
Title			   = {{NAS Parallel Benchmarks} \url{http://www.nas.nasa.gov/publications/npb.html}},
Key			   = {NPB},
Timestamp		   = {2015.04.14}
}

@Misc{CFSguide,
Title			   = {{CFS User's Guide} \url{http://periscope.in.tum.de/releases/latest/pdf/PTF_CFS_Plugin.pdf}},
Key			   = {CFSguide},
Timestamp		   = {2015.04.14}
}

@Misc{PTFguide,
Title			   = {{PTF User's Guide} \url{http://periscope.in.tum.de/releases/latest/pdf/PTF_Users_Guide.pdf}},
Key			   = {PTFguide},
Timestamp		   = {2015.04.14}
}

@Misc{CESAR,
Title			   = {{CESAR exascale proxy application suite} \url{https://cesar.mcs.anl.gov/content/software}},
Key			   = {CESAR},
Timestamp		   = {2015.04.14}
}

@Misc{FaceDetect,
Title			   = {{FaceDetect application} \url{http://www.autotune-project.eu/sites/default/files/Materials/Deliverables/12/D5.1_Selected_applications_final.pdf}},
Key			   = {FaceDetect},
Timestamp		   = {2015.04.14}
}

@Misc{SeisSol,
Title			   = {{SeisSol application} \url{http://www.geophysik.uni-muenchen.de/~kaeser/SeisSol/}},
Key			   = {SeisSol},
Timestamp		   = {2015.04.14}
}

@INPROCEEDINGS{LULESH,
AUTHOR="Ian Karlin and Abhinav Bhatele and Jeff Keasler and Bradford L. Chamberlain and Jonathan Cohen and Zachary DeVito and Riyaz Haque and Dan Laney and Edward Luke and Felix Wang and David Richards and Martin Schulz and Charles Still",
TITLE="Exploring Traditional and Emerging Parallel Programming Models using a Proxy Application",
BOOKTITLE="27th IEEE International Parallel \& Distributed Processing Symposium (IEEE IPDPS 2013)",
ADDRESS="Boston, USA",
MONTH=may,
YEAR=2013
}

@InProceedings{Mostaccio05,
  Title                    = {Simulation of Ecologic Systems Using MPI.},
  Author                   = {Mostaccio, Diego and Suppi, Remo and Luque, Emilio},
  Booktitle                = {PVM/MPI},
  Year                     = {2005},
  Editor                   = {Martino, Beniamino Di and Kranzlm√ºller, Dieter and Dongarra, Jack},
  Pages                    = {449-456},
  Publisher                = {Springer},
  Series                   = {Lecture Notes in Computer Science},
  Volume                   = {3666},

  Biburl                   = {http://www.bibsonomy.org/bibtex/27690306d8a9af48f71f57665f7253562/dblp},
  Description              = {dblp},
  Ee                       = {http://dx.doi.org/10.1007/11557265_57},
  ISBN                     = {3-540-29009-5},
  Keywords                 = {dblp},
  Url                      = {http://dblp.uni-trier.de/db/conf/pvm/pvm2005.html#MostaccioSL05}
}
